%@article{nameyeartopic,
%  title={},
%  author={},
%  year={}
%}



@inproceedings{ossia2015interface,
  title={OSSIA: towards a unified interface for scoring time and interaction},
  author={Jean-Michaël Celerier, Nicolas Vuaille, Pascal Baltazar, Jean-Michel Couturier, Clément Bossut, Myriam Desainte-Catherine},
  organization={Technologies for Music Notation and Representation},
  year={2015}
}

@inproceedings{hogue2014ossia,
	title={OSSIA : Open Scenario System for Interactive Applications},
	author={De la Hogue, Théo and Baltazar, Pascal and Desainte-Catherine, Myriam and Chao, Jaime and Bossut, Clément},
	organization={Journées de l'Informatique Musicale},
	year={2014}
}

@article{jaffar1994constraint,
  title={Constraint logic programming: A survey},
  author={Jaffar, Joxan and Maher, Michael J},
  journal={The journal of logic programming},
  volume={19},
  pages={503--581},
  year={1994},
  publisher={Elsevier}
}

@article{dechter1991temporal,
  title={Temporal constraint networks},
  author={Dechter, Rina and Meiri, Itay and Pearl, Judea},
  journal={Artificial intelligence},
  volume={49},
  number={1},
  pages={61--95},
  year={1991},
  publisher={Elsevier}
}

@article{valeze2006constraint,
  title={Intégration d'un système de contraintes temporelles dans le logitiel de composition musicale OpenMusic},
  author={Bruno Valèze},
  year={2006}
}

@article{arias2015automata,
  title={A Framework for Composition, Verification and Real-Time Performance of Multimedia Interactive Scenarios},
  author={Jaime Arias, Myriam Desainte-Catherine, Camilo Rueda},
  year={2015}
}

@article{Delerue2003openmusic,
  title={Spatialisation du son et programmation par contraintes : le système MusicSpace},
  author={Olivier Delerue},
  year={2003}
}

@article{Beurive2000boxes,
  title={Un logiciel de composition musicale
combinant un modèle spectral, des structures hiérarchiques
et des contraintes},
  author={Anthony Beurivé},
  year={2000}
}

@article{paper:freuder:1997,
  added-at = {2011-04-06T13:52:44.000+0200},
  author = {Freuder, Eugene C.},
  biburl = {http://www.bibsonomy.org/bibtex/2b6ff3eaeef3c21426661459461d73cf2/mschuber},
  interhash = {72f9efd5d0c2e49be4e1f08e824b1606},
  intrahash = {b6ff3eaeef3c21426661459461d73cf2},
  journal = {Constraints},
  keywords = {constraints csp satisfaction},
  pages = {57-61},
  publisher = {Springer Netherlands},
  timestamp = {2011-04-06T13:52:44.000+0200},
  title = {In Pursuit of the Holy Grail},
  volume = 2,
  year = 1997
}

@ONLINE{Cycling742015,
author = {Cycling74},
title = {Page web de Max, un logiciel de programmation graphique dédié au multimédia},
month = avril,
year = {2015},
url = {https://cycling74.com/products/max/}
}

@ONLINE{Pure2015,
author = {Pure Data},
title = {Page web de Pure Data, un logiciel libre de programmation graphique dédié au multimédia},
month = avril,
year = {2015},
url = {https://puredata.info/}
}

@ONLINE{Scrime2015,
author = {scrime},
title = {Page d'accueil du SCRIME},
month = juin,
year = {2015},
url = {http://scrime.labri.fr/}
}


@inproceedings{allombert:hal-00353628,
  TITLE = {{De Boxes {\`a} Iscore : vers une {\'e}criture de l'interaction}},
  AUTHOR = {Allombert, Antoine and Desainte-Catherine, Myriam and Assayag, G{\'e}rard},
  URL = {https://hal.archives-ouvertes.fr/hal-00353628},
  NOTE = {5 pages},
  BOOKTITLE = {{13{\`e}mes Journ{\'e}es de l'Informatique Musicale}},
  ADDRESS = {Albi, France},
  PAGES = {79-83},
  YEAR = {2008},
  MONTH = Mar,
  KEYWORDS = {Computer assisted musical composition ; Allen relations ; temporal constraints ; interaction},
  PDF = {https://hal.archives-ouvertes.fr/hal-00353628/file/aadm-jim08.pdf},
  HAL_ID = {hal-00353628},
  HAL_VERSION = {v1},
}

@phdthesis{allombert:tel-00516350,
  TITLE = {{Temporal aspects of a system of interactive musical scores for composition and execution}},
  AUTHOR = {Allombert, Antoine},
  URL = {https://tel.archives-ouvertes.fr/tel-00516350},
  SCHOOL = {{Universit{\'e} Bordeaux 1}},
  YEAR = {2009},
  MONTH = Oct,
  KEYWORDS = {Computer Music ; Temporal Relations ; Constraints Programming ; Informatique Musicale ; Relations Temporelles ; Programmation par Contraintes ; Interaction},
  TYPE = {Theses},
  PDF = {https://tel.archives-ouvertes.fr/tel-00516350/file/these-antoine-allombert.pdf},
  HAL_ID = {tel-00516350},
  HAL_VERSION = {v1},
}
%or tools manual
@TECHREPORT{or-tools-user-manual,
    author = {Nikolaj van Omme and Laurent Perron and Vincent Furnon},
    title = {or-tools user’s manual},
    institution = {Google},
    year = {2014}
}